@article{DBLP:journals/micro/Johnson84,
  author    = {Barry W. Johnson},
  title     = {Fault-Tolerant Microprocessor-Based Systems},
  journal   = {{IEEE} Micro},
  volume    = {4},
  number    = {6},
  pages     = {6--21},
  year      = {1984},
  url       = {https://doi.org/10.1109/MM.1984.291277},
  doi       = {10.1109/MM.1984.291277},
  timestamp = {Sat, 20 May 2017 00:26:06 +0200},
  biburl    = {https://dblp.org/rec/journals/micro/Johnson84.bib},
  bibsource = {dblp computer science bibliography, https://dblp.org}
}

@INPROCEEDINGS{DKbotDistr,
  author={M. {Park} and M. {Yim}},
  booktitle={2009 ASME/IFToMM International Conference on Reconfigurable Mechanisms and Robots},
  title={Distributed control and communication fault tolerance for the CKBot},
  year={2009},
  volume={},
  number={},
  pages={682-688}
}

@inproceedings{DBLP:conf/ieeealife/Christensen07,
  author    = {David Johan Christensen},
  title     = {Experiments on Fault-Tolerant Self-Reconfiguration and Emergent Self-Repair},
  booktitle = {First {IEEE} Symposium on Artificial Life, {ALIFE} 2007, Honolulu,
               Hawaii, USA, April 1-5, 2007},
  pages     = {355--361},
  publisher = {{IEEE}},
  year      = {2007},
  url       = {https://doi.org/10.1109/ALIFE.2007.367817},
  doi       = {10.1109/ALIFE.2007.367817},
  timestamp = {Wed, 16 Oct 2019 14:14:50 +0200},
  biburl    = {https://dblp.org/rec/conf/ieeealife/Christensen07.bib},
  bibsource = {dblp computer science bibliography, https://dblp.org}
}

@inproceedings{DBLP:conf/romoco/VonasekONW15,
  author    = {Vojtech Von{\'{a}}sek and
               David Oertel and
               Sergej Neumann and
               Heinz W{\"{o}}rn},
  title     = {Failure recovery for modular robot movements without reassembling
               modules},
  booktitle = {10th International Workshop on Robot Motion and Control, RoMoCo 2015,
               Pozna{\'{n}}, Poland, July 6-8, 2015},
  pages     = {136--141},
  publisher = {{IEEE}},
  year      = {2015},
  url       = {https://doi.org/10.1109/RoMoCo.2015.7219725},
  doi       = {10.1109/RoMoCo.2015.7219725},
  timestamp = {Fri, 27 Mar 2020 08:49:33 +0100},
  biburl    = {https://dblp.org/rec/conf/romoco/VonasekONW15.bib},
  bibsource = {dblp computer science bibliography, https://dblp.org}
}

@INPROCEEDINGS{DMotionCoord,
  author={K. {Sugihara} and I. {Suzuki}},
  booktitle={Proceedings. 5th IEEE International Symposium on Intelligent Control 1990},
  title={Distributed motion coordination of multiple mobile robots},
  year={1990},
  volume={},
  number={},
  pages={138-143 vol.1},}


@inproceedings{DBLP:conf/osdi/CastroL99,
  author    = {Miguel Castro and
               Barbara Liskov},
  editor    = {Margo I. Seltzer and
               Paul J. Leach},
  title     = {Practical Byzantine Fault Tolerance},
  booktitle = {Proceedings of the Third {USENIX} Symposium on Operating Systems Design
               and Implementation (OSDI), New Orleans, Louisiana, USA, February 22-25,
               1999},
  pages     = {173--186},
  publisher = {{USENIX} Association},
  year      = {1999},
  url       = {https://dl.acm.org/citation.cfm?id=296824},
  timestamp = {Wed, 06 Nov 2019 16:45:49 +0100},
  biburl    = {https://dblp.org/rec/conf/osdi/CastroL99.bib},
  bibsource = {dblp computer science bibliography, https://dblp.org}
}

@inproceedings{DBLP:conf/iros/YimSSPDT07a,
  author    = {Mark Yim and
               Babak Shirmohammadi and
               Jimmy Sastra and
               Michael Park and
               Mike Dugan and
               Camillo J. Taylor},
  title     = {Towards robotic self-reassembly after explosion},
  booktitle = {2007 {IEEE/RSJ} International Conference on Intelligent Robots and
               Systems, October 29 - November 2, 2007, Sheraton Hotel and Marina,
               San Diego, California, {USA}},
  pages     = {2767--2772},
  publisher = {{IEEE}},
  year      = {2007},
  url       = {https://doi.org/10.1109/IROS.2007.4399594},
  doi       = {10.1109/IROS.2007.4399594},
  timestamp = {Wed, 16 Oct 2019 14:14:51 +0200},
  biburl    = {https://dblp.org/rec/conf/iros/YimSSPDT07a.bib},
  bibsource = {dblp computer science bibliography, https://dblp.org}
}

@article{DBLP:journals/ijrr/SastraCY09,
  author    = {Jimmy Sastra and
               Sachin Chitta and
               Mark Yim},
  title     = {Dynamic Rolling for a Modular Loop Robot},
  journal   = {I. J. Robotics Res.},
  volume    = {28},
  number    = {6},
  pages     = {758--773},
  year      = {2009},
  url       = {https://doi.org/10.1177/0278364908099463},
  doi       = {10.1177/0278364908099463},
  timestamp = {Thu, 18 May 2017 09:55:00 +0200},
  biburl    = {https://dblp.org/rec/journals/ijrr/SastraCY09.bib},
  bibsource = {dblp computer science bibliography, https://dblp.org}
}

@inproceedings{DBLP:conf/icra/SalemiSW01,
  author    = {Behnam Salemi and
               Wei{-}Min Shen and
               Peter M. Will},
  title     = {Hormone-Controlled Metamorphic Robots},
  booktitle = {Proceedings of the 2001 {IEEE} International Conference on Robotics
               and Automation, {ICRA} 2001, May 21-26, 2001, Seoul, Korea},
  pages     = {4194--4199},
  publisher = {{IEEE}},
  year      = {2001},
  url       = {https://doi.org/10.1109/ROBOT.2001.933273},
  doi       = {10.1109/ROBOT.2001.933273},
  timestamp = {Mon, 22 May 2017 17:12:23 +0200},
  biburl    = {https://dblp.org/rec/conf/icra/SalemiSW01.bib},
  bibsource = {dblp computer science bibliography, https://dblp.org}
}

@article{DBLP:journals/trob/ShenSW02,
  author    = {Wei{-}Min Shen and
               Behnam Salemi and
               Peter M. Will},
  title     = {Hormone-inspired adaptive communication and distributed control for
               {CONRO} self-reconfigurable robots},
  journal   = {{IEEE} Trans. Robotics Autom.},
  volume    = {18},
  number    = {5},
  pages     = {700--712},
  year      = {2002},
  url       = {https://doi.org/10.1109/TRA.2002.804502},
  doi       = {10.1109/TRA.2002.804502},
  timestamp = {Tue, 19 May 2020 15:54:05 +0200},
  biburl    = {https://dblp.org/rec/journals/trob/ShenSW02.bib},
  bibsource = {dblp computer science bibliography, https://dblp.org}
}

@article{DBLP:journals/corr/abs-1108-5543,
  author    = {Serge Kernbach and
               Oliver Scholz and
               Kanako Harada and
               Sergej Popesku and
               Jens Liedke and
               Raja Humza and
               Wenguo Liu and
               Fabio Caparrelli and
               Jaouhar Jemai and
               Jiri Havlik and
               Eugen Meister and
               Paul Levi},
  title     = {Multi-Robot Organisms: State of the Art},
  journal   = {CoRR},
  volume    = {abs/1108.5543},
  year      = {2011},
  url       = {http://arxiv.org/abs/1108.5543},
  archivePrefix = {arXiv},
  eprint    = {1108.5543},
  timestamp = {Mon, 13 Aug 2018 16:46:15 +0200},
  biburl    = {https://dblp.org/rec/journals/corr/abs-1108-5543.bib},
  bibsource = {dblp computer science bibliography, https://dblp.org}
}

@inproceedings{DBLP:conf/syscon/LeviMRKVSLC14,
  author    = {Paul Levi and
               Eugen Meister and
               Anne C. van Rossum and
               Tom{\'{a}}s Krajn{{\i}}k and
               Vojtech Von{\'{a}}sek and
               P. Stepan and
               W. Liu and
               Fabio Caparrelli},
  title     = {A cognitive architecture for modular and self-reconfigurable robots},
  booktitle = {{IEEE} International Systems Conference, SysCon 2014, Proceedings,
               Ottawa, ON, Canada, March 31 - April 3, 2014},
  pages     = {465--472},
  publisher = {{IEEE}},
  year      = {2014},
  url       = {https://doi.org/10.1109/SysCon.2014.6819298},
  doi       = {10.1109/SysCon.2014.6819298},
  timestamp = {Fri, 27 Mar 2020 09:00:13 +0100},
  biburl    = {https://dblp.org/rec/conf/syscon/LeviMRKVSLC14.bib},
  bibsource = {dblp computer science bibliography, https://dblp.org}
}

@inproceedings{DBLP:conf/icra/FukudaK90,
  author    = {Toshio Fukuda and
               Yoshio Kawauchi},
  title     = {Cellular robotic system {(CEBOT)} as one of the realization of self-organizing
               intelligent universal manipulator},
  booktitle = {Proceedings of the 1990 {IEEE} International Conference on Robotics
               and Automation, Cincinnati, Ohio, USA, May 13-18, 1990},
  pages     = {662--667},
  publisher = {{IEEE}},
  year      = {1990},
  url       = {https://doi.org/10.1109/ROBOT.1990.126059},
  doi       = {10.1109/ROBOT.1990.126059},
  timestamp = {Wed, 16 Oct 2019 14:14:51 +0200},
  biburl    = {https://dblp.org/rec/conf/icra/FukudaK90.bib},
  bibsource = {dblp computer science bibliography, https://dblp.org}
}

@inproceedings{DBLP:conf/icra/TosunDJKCY18,
  author    = {Tarik Tosun and
               Jonathan Daudelin and
               Gangyuan Jing and
               Hadas Kress{-}Gazit and
               Mark E. Campbell and
               Mark Yim},
  title     = {Perception-Informed Autonomous Environment Augmentation with Modular
               Robots},
  booktitle = {2018 {IEEE} International Conference on Robotics and Automation, {ICRA}
               2018, Brisbane, Australia, May 21-25, 2018},
  pages     = {6818--6824},
  publisher = {{IEEE}},
  year      = {2018},
  url       = {https://doi.org/10.1109/ICRA.2018.8463155},
  doi       = {10.1109/ICRA.2018.8463155},
  timestamp = {Wed, 16 Oct 2019 14:14:51 +0200},
  biburl    = {https://dblp.org/rec/conf/icra/TosunDJKCY18.bib},
  bibsource = {dblp computer science bibliography, https://dblp.org}
}

@inproceedings{DBLP:conf/icra/MurataKK94,
  author    = {Satoshi Murata and
               Haruhisa Kurokawa and
               Shigeru Kokaji},
  title     = {Self-Assembling Machine},
  booktitle = {Proceedings of the 1994 International Conference on Robotics and Automation,
               San Diego, CA, USA, May 1994},
  pages     = {441--448},
  publisher = {{IEEE} Computer Society},
  year      = {1994},
  url       = {https://doi.org/10.1109/ROBOT.1994.351257},
  doi       = {10.1109/ROBOT.1994.351257},
  timestamp = {Mon, 22 May 2017 17:12:26 +0200},
  biburl    = {https://dblp.org/rec/conf/icra/MurataKK94.bib},
  bibsource = {dblp computer science bibliography, https://dblp.org}
}

@inproceedings{DBLP:conf/icra/KotayRVM98,
  author    = {Keith Kotay and
               Daniela Rus and
               Marsette Vona and
               Craig D. McGray},
  title     = {The Self-Reconfiguring Robotic Molecule},
  booktitle = {Proceedings of the {IEEE} International Conference on Robotics and
               Automation, ICRA-98, Leuven, Belgium, May 16-20, 1998},
  pages     = {424--431},
  publisher = {{IEEE} Computer Society},
  year      = {1998},
  url       = {https://doi.org/10.1109/ROBOT.1998.676452},
  doi       = {10.1109/ROBOT.1998.676452},
  timestamp = {Mon, 22 May 2017 17:11:59 +0200},
  biburl    = {https://dblp.org/rec/conf/icra/KotayRVM98.bib},
  bibsource = {dblp computer science bibliography, https://dblp.org}
}

@inproceedings{DBLP:conf/icra/YimDR00,
  author    = {Mark Yim and
               David Duff and
               Kimon Roufas},
  title     = {PolyBot: {A} Modular Reconfigurable Robot},
  booktitle = {Proceedings of the 2000 {IEEE} International Conference on Robotics
               and Automation, {ICRA} 2000, April 24-28, 2000, San Francisco, CA,
               {USA}},
  pages     = {514--520},
  publisher = {{IEEE}},
  year      = {2000},
  url       = {https://doi.org/10.1109/ROBOT.2000.844106},
  doi       = {10.1109/ROBOT.2000.844106},
  timestamp = {Mon, 22 May 2017 17:11:58 +0200},
  biburl    = {https://dblp.org/rec/conf/icra/YimDR00.bib},
  bibsource = {dblp computer science bibliography, https://dblp.org}
}

@inproceedings{DBLP:conf/icarcv/KurokawaKYTMK02,
  author    = {Haruhisa Kurokawa and
               Akiya Kamimura and
               Eiichi Yoshida and
               Kohji Tomita and
               Satoshi Murata and
               Shigeru Kokaji},
  title     = {Self-reconfigurable modular robot {(M-TRAN)} and its motion design},
  booktitle = {Seventh International Conference on Control, Automation, Robotics
               and Vision, {ICARCV} 2002, Singapore, 2-5 December 2002, Proceedings},
  pages     = {51--56},
  publisher = {{IEEE}},
  year      = {2002},
  url       = {https://doi.org/10.1109/ICARCV.2002.1234789},
  doi       = {10.1109/ICARCV.2002.1234789},
  timestamp = {Wed, 16 Oct 2019 14:14:52 +0200},
  biburl    = {https://dblp.org/rec/conf/icarcv/KurokawaKYTMK02.bib},
  bibsource = {dblp computer science bibliography, https://dblp.org}
}

@inproceedings{DBLP:conf/iros/JorgensenOL04,
  author    = {Morten Winkler J{\o}rgensen and
               Esben Hallundb{\ae}k {\O}stergaard and
               Henrik Hautop Lund},
  title     = {Modular {ATRON:} modules for a self-reconfigurable robot},
  booktitle = {2004 {IEEE/RSJ} International Conference on Intelligent Robots and
               Systems, Sendai, Japan, September 28 - October 2, 2004},
  pages     = {2068--2073},
  publisher = {{IEEE}},
  year      = {2004},
  url       = {https://doi.org/10.1109/IROS.2004.1389702},
  doi       = {10.1109/IROS.2004.1389702},
  timestamp = {Wed, 16 Oct 2019 14:14:51 +0200},
  biburl    = {https://dblp.org/rec/conf/iros/JorgensenOL04.bib},
  bibsource = {dblp computer science bibliography, https://dblp.org}
}

@inproceedings{DBLP:conf/iros/SalemiMS06,
  author    = {Behnam Salemi and
               Mark Moll and
               Wei{-}Min Shen},
  title     = {{SUPERBOT:} {A} Deployable, Multi-Functional, and Modular Self-Reconfigurable
               Robotic System},
  booktitle = {2006 {IEEE/RSJ} International Conference on Intelligent Robots and
               Systems, {IROS} 2006, October 9-15, 2006, Beijing, China},
  pages     = {3636--3641},
  publisher = {{IEEE}},
  year      = {2006},
  url       = {https://doi.org/10.1109/IROS.2006.281719},
  doi       = {10.1109/IROS.2006.281719},
  timestamp = {Wed, 16 Oct 2019 14:14:51 +0200},
  biburl    = {https://dblp.org/rec/conf/iros/SalemiMS06.bib},
  bibsource = {dblp computer science bibliography, https://dblp.org}
}

@article{DBLP:journals/trob/ZykovMDL07,
  author    = {Viktor Zykov and
               Efstathios Mytilinaios and
               Mark Desnoyer and
               Hod Lipson},
  title     = {Evolved and Designed Self-Reproducing Modular Robotics},
  journal   = {{IEEE} Trans. Robotics},
  volume    = {23},
  number    = {2},
  pages     = {308--319},
  year      = {2007},
  url       = {https://doi.org/10.1109/TRO.2007.894685},
  doi       = {10.1109/TRO.2007.894685},
  timestamp = {Sat, 20 May 2017 00:25:25 +0200},
  biburl    = {https://dblp.org/rec/journals/trob/ZykovMDL07.bib},
  bibsource = {dblp computer science bibliography, https://dblp.org}
}

@inproceedings{DBLP:conf/icra/SprowitzBDI09,
  author    = {Alexander Spr{\"{o}}witz and
               Aude Billard and
               Pierre Dillenbourg and
               Auke Jan Ijspeert},
  title     = {Roombots-mechanical design of self-reconfiguring modular robots for
               adaptive furniture},
  booktitle = {2009 {IEEE} International Conference on Robotics and Automation, {ICRA}
               2009, Kobe, Japan, May 12-17, 2009},
  pages     = {4259--4264},
  publisher = {{IEEE}},
  year      = {2009},
  url       = {https://doi.org/10.1109/ROBOT.2009.5152613},
  doi       = {10.1109/ROBOT.2009.5152613},
  timestamp = {Fri, 02 Nov 2018 09:45:14 +0100},
  biburl    = {https://dblp.org/rec/conf/icra/SprowitzBDI09.bib},
  bibsource = {dblp computer science bibliography, https://dblp.org}
}

@article{DBLP:journals/corr/abs-1109-2288,
  author    = {Serge Kernbach and
               Florian Schlachter and
               Raja Humza and
               Jens Liedke and
               Sergej Popesku and
               Sheila Russo and
               Tommaso Ranzani and
               Luigi Manfredi and
               Cesare Stefanini and
               Rene Matthias and
               Christopher S. F. Schwarzer and
               Benjamin Girault and
               P. Alschbach and
               Eugen Meister and
               Oliver Scholz},
  title     = {Heterogeneity for Increasing Performance and Reliability of Self-Reconfigurable
               Multi-Robot Organisms},
  journal   = {CoRR},
  volume    = {abs/1109.2288},
  year      = {2011},
  url       = {http://arxiv.org/abs/1109.2288},
  archivePrefix = {arXiv},
  eprint    = {1109.2288},
  timestamp = {Mon, 13 Aug 2018 16:49:11 +0200},
  biburl    = {https://dblp.org/rec/journals/corr/abs-1109-2288.bib},
  bibsource = {dblp computer science bibliography, https://dblp.org}
}

@inproceedings{DBLP:conf/iros/DaveyKY12,
  author    = {Jay Davey and
               Ngai Kwok and
               Mark Yim},
  title     = {Emulating self-reconfigurable robots - design of the {SMORES} system},
  booktitle = {2012 {IEEE/RSJ} International Conference on Intelligent Robots and
               Systems, {IROS} 2012, Vilamoura, Algarve, Portugal, October 7-12,
               2012},
  pages     = {4464--4469},
  publisher = {{IEEE}},
  year      = {2012},
  url       = {https://doi.org/10.1109/IROS.2012.6385845},
  doi       = {10.1109/IROS.2012.6385845},
  timestamp = {Wed, 16 Oct 2019 14:14:51 +0200},
  biburl    = {https://dblp.org/rec/conf/iros/DaveyKY12.bib},
  bibsource = {dblp computer science bibliography, https://dblp.org}
}

@inproceedings{DBLP:conf/iros/RomanishinGR13,
  author    = {John Romanishin and
               Kyle Gilpin and
               Daniela Rus},
  title     = {M-blocks: Momentum-driven, magnetic modular robots},
  booktitle = {2013 {IEEE/RSJ} International Conference on Intelligent Robots and
               Systems, Tokyo, Japan, November 3-7, 2013},
  pages     = {4288--4295},
  publisher = {{IEEE}},
  year      = {2013},
  url       = {https://doi.org/10.1109/IROS.2013.6696971},
  doi       = {10.1109/IROS.2013.6696971},
  timestamp = {Wed, 16 Oct 2019 14:14:51 +0200},
  biburl    = {https://dblp.org/rec/conf/iros/RomanishinGR13.bib},
  bibsource = {dblp computer science bibliography, https://dblp.org}
}

@article{DBLP:journals/ras/BacaHDND14,
  author    = {Jos{\'{e}} Baca and
               S. G. M. Hossain and
               Prithviraj Dasgupta and
               Carl A. Nelson and
               Ayan Dutta},
  title     = {ModRED: Hardware design and reconfiguration planning for a high dexterity
               modular self-reconfigurable robot for extra-terrestrial exploration},
  journal   = {Robotics Auton. Syst.},
  volume    = {62},
  number    = {7},
  pages     = {1002--1015},
  year      = {2014},
  url       = {https://doi.org/10.1016/j.robot.2013.08.008},
  doi       = {10.1016/j.robot.2013.08.008},
  timestamp = {Mon, 24 Feb 2020 15:57:17 +0100},
  biburl    = {https://dblp.org/rec/journals/ras/BacaHDND14.bib},
  bibsource = {dblp computer science bibliography, https://dblp.org}
}

@inproceedings{DBLP:conf/taros/PeckTT19,
  author    = {Robert H. Peck and
               Jon Timmis and
               Andy M. Tyrrell},
  editor    = {Kaspar Althoefer and
               Jelizaveta Konstantinova and
               Ketao Zhang},
  title     = {Omni-Pi-tent: An Omnidirectional Modular Robot With Genderless Docking},
  booktitle = {Towards Autonomous Robotic Systems - 20th Annual Conference, {TAROS}
               2019, London, UK, July 3-5, 2019, Proceedings, Part {II}},
  series    = {Lecture Notes in Computer Science},
  volume    = {11650},
  pages     = {307--318},
  publisher = {Springer},
  year      = {2019},
  url       = {https://doi.org/10.1007/978-3-030-25332-5\_27},
  doi       = {10.1007/978-3-030-25332-5\_27},
  timestamp = {Thu, 08 Aug 2019 11:07:52 +0200},
  biburl    = {https://dblp.org/rec/conf/taros/PeckTT19.bib},
  bibsource = {dblp computer science bibliography, https://dblp.org}
}

@inproceedings{DBLP:conf/dars/ParrottDG16,
  author    = {Christopher Parrott and
               Tony J. Dodd and
               Roderich Gro{\ss}},
  editor    = {Roderich Gro{\ss} and
               Andreas Kolling and
               Spring Berman and
               Emilio Frazzoli and
               Alcherio Martinoli and
               Fumitoshi Matsuno and
               Melvin Gauci},
  title     = {HyMod: {A} 3-DOF Hybrid Mobile and Self-Reconfigurable Modular Robot
               and its Extensions},
  booktitle = {Distributed Autonomous Robotic Systems, The 13th International Symposium,
               {DARS} 2016, Natural History Museum, London, UK, November 7-9, 2016},
  series    = {Springer Proceedings in Advanced Robotics},
  volume    = {6},
  pages     = {401--414},
  publisher = {Springer},
  year      = {2016},
  url       = {https://doi.org/10.1007/978-3-319-73008-0\_28},
  doi       = {10.1007/978-3-319-73008-0\_28},
  timestamp = {Tue, 24 Jul 2018 11:19:20 +0200},
  biburl    = {https://dblp.org/rec/conf/dars/ParrottDG16.bib},
  bibsource = {dblp computer science bibliography, https://dblp.org}
}

@INPROCEEDINGS{1285597,
  author={E. {Yoshida} and S. {Murata} and A. {Kamimura} and K. {Tomita} and H. {Kurokawa} and S. {Kokaji}},
  booktitle={IEEE International Conference on Robotics, Intelligent Systems and Signal Processing, 2003. Proceedings. 2003},
  title={Self-reconfigurable modular robots -hardware and software development in AIST},
  year={2003},
  volume={1},
  number={},
  pages={339-346 vol.1},}

@inproceedings{DBLP:conf/ro-man/Salem14,
  author    = {Ben Salem},
  title     = {PetRo: Development of a modular pet robot},
  booktitle = {The 23rd {IEEE} International Symposium on Robot and Human Interactive
               Communication, {IEEE} {RO-MAN} 2014, Edinburgh, UK, August 25-29,
               2014},
  pages     = {483--488},
  publisher = {{IEEE}},
  year      = {2014},
  url       = {https://doi.org/10.1109/ROMAN.2014.6926299},
  doi       = {10.1109/ROMAN.2014.6926299},
  timestamp = {Wed, 16 Oct 2019 14:14:50 +0200},
  biburl    = {https://dblp.org/rec/conf/ro-man/Salem14.bib},
  bibsource = {dblp computer science bibliography, https://dblp.org}
}

@ARTICLE{4141032,
  author={M. {Yim} and W. {Shen} and B. {Salemi} and D. {Rus} and M. {Moll} and H. {Lipson} and E. {Klavins} and G. S. {Chirikjian}},
  journal={IEEE Robotics   Automation Magazine},
  title={Modular Self-Reconfigurable Robot Systems [Grand Challenges of Robotics]},
  year={2007},
  volume={14},
  number={1},
  pages={43-52},}

@article{DBLP:journals/ijrr/KurokawaTKKHM08,
  author    = {Haruhisa Kurokawa and
               Kohji Tomita and
               Akiya Kamimura and
               Shigeru Kokaji and
               Takashi Hasuo and
               Satoshi Murata},
  title     = {Distributed Self-Reconfiguration of {M-TRAN} {III} Modular Robotic
               System},
  journal   = {I. J. Robotics Res.},
  volume    = {27},
  number    = {3-4},
  pages     = {373--386},
  year      = {2008},
  url       = {https://doi.org/10.1177/0278364907085560},
  doi       = {10.1177/0278364907085560},
  timestamp = {Wed, 14 Jun 2017 20:39:00 +0200},
  biburl    = {https://dblp.org/rec/journals/ijrr/KurokawaTKKHM08.bib},
  bibsource = {dblp computer science bibliography, https://dblp.org}
}